@INPROCEEDINGS{180001,
    AUTHOR= {Daniel Soares and Francisco Nogueira and Leonel Figueiredo de Alencar},
    TITLE= {A Implementação de uma Minigramática do Português Brasileiro sob a Perspectiva da LFG},
    DAYS="2-5",
    YEAR="2017",
    booktitle = {Proceedings of the 11th Brazilian Symposium in Information and Human Language Technology - V Jornada de Descrição do Português},
    editor = {Vládia Pinheiro and Gustavo Henrique Paetzold},
    organization = {Sociedade Brasileira de Computação},
    address = {Uberlândia, Brazil},
    month = {October}
}

@INPROCEEDINGS{180002,
    AUTHOR= {Simone Rodrigues Peron-Corrêa and Tiago Timponi Torrent},
    TITLE= {Constituição de Um Dicionário Eletrônico Trilíngue Fundado em Frames a partir da Extração Automática de Candidatos a Termos do Domínio do Turismo},
    DAYS="2-5",
    YEAR="2017",
    booktitle = {Proceedings of the 11th Brazilian Symposium in Information and Human Language Technology - V Jornada de Descrição do Português},
    editor = {Vládia Pinheiro and Gustavo Henrique Paetzold},
    organization = {Sociedade Brasileira de Computação},
    address = {Uberlândia, Brazil},
    month = {October}
}

@INPROCEEDINGS{180003,
    AUTHOR= {Alexandre Diniz da Costa and Tiago Timponi Torrent},
    TITLE= {A Modelagem Computacional do Domínio dos Esportes na FrameNet Brasil},
    DAYS="2-5",
    YEAR="2017",
    booktitle = {Proceedings of the 11th Brazilian Symposium in Information and Human Language Technology - V Jornada de Descrição do Português},
    editor = {Vládia Pinheiro and Gustavo Henrique Paetzold},
    organization = {Sociedade Brasileira de Computação},
    address = {Uberlândia, Brazil},
    month = {October}
}

@INPROCEEDINGS{180004,
    AUTHOR= {Natália Duarte Marção and Tiago Timponi Torrent and Ely Edison da Silva Matos},
    TITLE= {Descrição e modelagem de construções interrogativas QU- em Português Brasileiro para o desenvolvimento de um chatbot},
    DAYS="2-5",
    YEAR="2017",
    booktitle = {Proceedings of the 11th Brazilian Symposium in Information and Human Language Technology - V Jornada de Descrição do Português},
    editor = {Vládia Pinheiro and Gustavo Henrique Paetzold},
    organization = {Sociedade Brasileira de Computação},
    address = {Uberlândia, Brazil},
    month = {October}
}

@INPROCEEDINGS{180005,
    AUTHOR= {Vânia Gomes de Almeida and Tiago Timponi Torrent},
    TITLE= {Construções de Estrutura Argumental no âmbito do Constructicon da FrameNet Brasil: proposta de uma modelagem linguístico-computacional},
    DAYS="2-5",
    YEAR="2017",
    booktitle = {Proceedings of the 11th Brazilian Symposium in Information and Human Language Technology - V Jornada de Descrição do Português},
    editor = {Vládia Pinheiro and Gustavo Henrique Paetzold},
    organization = {Sociedade Brasileira de Computação},
    address = {Uberlândia, Brazil},
    month = {October}
}

@INPROCEEDINGS{180006,
    AUTHOR= {Barbara C. Ramos},
    TITLE= {Investigação Preliminar Sobre a Prosódia Semântica de Verbos de Elocução: o Caso do Verbo "Confessar"},
    DAYS="2-5",
    YEAR="2017",
    booktitle = {Proceedings of the 11th Brazilian Symposium in Information and Human Language Technology - V Jornada de Descrição do Português},
    editor = {Vládia Pinheiro and Gustavo Henrique Paetzold},
    organization = {Sociedade Brasileira de Computação},
    address = {Uberlândia, Brazil},
    month = {October}
}

@INPROCEEDINGS{180007,
    AUTHOR= {Vanessa Maria Ramos Lopes Paiva and Tiago Timponi Torrent},
    TITLE= {Uma Proposta Metodológica para a Categorização Automatizada de Atrações Turísticas a partir de Comentários de Usuários em Plataformas Online},
    DAYS="2-5",
    YEAR="2017",
    booktitle = {Proceedings of the 11th Brazilian Symposium in Information and Human Language Technology - V Jornada de Descrição do Português},
    editor = {Vládia Pinheiro and Gustavo Henrique Paetzold},
    organization = {Sociedade Brasileira de Computação},
    address = {Uberlândia, Brazil},
    month = {October}
}

@INPROCEEDINGS{180008,
    AUTHOR= {Claúdia D. Barros and Nathalia P. Calcia and Oto A. Vale},
    TITLE= {Sofrer uma ofensa, Receber uma advertência: Verbos-suporte Conversos de 'Fazer' no Português do Brasil},
    DAYS="2-5",
    YEAR="2017",
    booktitle = {Proceedings of the 11th Brazilian Symposium in Information and Human Language Technology - V Jornada de Descrição do Português},
    editor = {Vládia Pinheiro and Gustavo Henrique Paetzold},
    organization = {Sociedade Brasileira de Computação},
    address = {Uberlândia, Brazil},
    month = {October}
}

@INPROCEEDINGS{180009,
    AUTHOR= {Sónia Reis and Jorge Baptista},
    TITLE= {Os Provérbios em manuais de ensino de Português Língua Não Materna},
    DAYS="2-5",
    YEAR="2017",
    booktitle = {Proceedings of the 11th Brazilian Symposium in Information and Human Language Technology - V Jornada de Descrição do Português},
    editor = {Vládia Pinheiro and Gustavo Henrique Paetzold},
    organization = {Sociedade Brasileira de Computação},
    address = {Uberlândia, Brazil},
    month = {October}
}

@INPROCEEDINGS{180010,
    AUTHOR= {Giulia Bossaglia and Heliana Mello and Tommaso Raso},
    TITLE= {Prosody, syntax, and pragmatics: insubordination in spoken Brazilian Portuguese},
    DAYS="2-5",
    YEAR="2017",
    booktitle = {Proceedings of the 11th Brazilian Symposium in Information and Human Language Technology - V Jornada de Descrição do Português},
    editor = {Vládia Pinheiro and Gustavo Henrique Paetzold},
    organization = {Sociedade Brasileira de Computação},
    address = {Uberlândia, Brazil},
    month = {October}
}

@INPROCEEDINGS{180011,
    AUTHOR= {Roana Rodrigues and Oto Vale and Laura Alonso Alemany},
    TITLE= {As bases de dados verbais ADESSE e ViPEr: uma análise constrastiva das construções locativas em espanhol e em português},
    DAYS="2-5",
    YEAR="2017",
    booktitle = {Proceedings of the 11th Brazilian Symposium in Information and Human Language Technology - V Jornada de Descrição do Português},
    editor = {Vládia Pinheiro and Gustavo Henrique Paetzold},
    organization = {Sociedade Brasileira de Computação},
    address = {Uberlândia, Brazil},
    month = {October}
}