@INPROCEEDINGS{180001,
    AUTHOR = "Soares, Daniel and Nogueira, Francisco and de Alencar, Leonel Figueiredo",
    editor = "Pinheiro, Vládia and Paetzold, Gustavo Henrique",
    TITLE = "A Implementação de uma Minigramática do Português Brasileiro sob a Perspectiva da LFG",
    DAYS = "2-5",
    YEAR = "2017",
    booktitle = "Proceedings of the 11th Brazilian Symposium in Information and Human Language Technology - V Jornada de Descrição do Português",
    organization = "Sociedade Brasileira de Computação",
    address = "Uberlândia, Brazil",
    month = "October",
    pages = "185-192",
    editor = "Gustavo Henrique Paetzold and Vládia Pinheiro",
    url = "http://www.aclweb.org/anthology/W17-6621"
}

@INPROCEEDINGS{180002,
    AUTHOR = "Peron-Corrêa, Simone Rodrigues and Torrent, Tiago Timponi",
    editor = "Pinheiro, Vládia and Paetzold, Gustavo Henrique",
    TITLE = "Constituição de Um Dicionário Eletrônico Trilíngue Fundado em Frames a partir da Extração Automática de Candidatos a Termos do Domínio do Turismo",
    DAYS = "2-5",
    YEAR = "2017",
    booktitle = "Proceedings of the 11th Brazilian Symposium in Information and Human Language Technology - V Jornada de Descrição do Português",
    organization = "Sociedade Brasileira de Computação",
    address = "Uberlândia, Brazil",
    month = "October",
    pages = "193-200",
    editor = "Gustavo Henrique Paetzold and Vládia Pinheiro",
    url = "http://www.aclweb.org/anthology/W17-6622"
}

@INPROCEEDINGS{180003,
    AUTHOR = "da Costa, Alexandre Diniz and Torrent, Tiago Timponi",
    editor = "Pinheiro, Vládia and Paetzold, Gustavo Henrique",
    TITLE = "A Modelagem Computacional do Domínio dos Esportes na FrameNet Brasil",
    DAYS = "2-5",
    YEAR = "2017",
    booktitle = "Proceedings of the 11th Brazilian Symposium in Information and Human Language Technology - V Jornada de Descrição do Português",
    organization = "Sociedade Brasileira de Computação",
    address = "Uberlândia, Brazil",
    month = "October",
    pages = "201-208",
    editor = "Gustavo Henrique Paetzold and Vládia Pinheiro",
    url = "http://www.aclweb.org/anthology/W17-6623"
}

@INPROCEEDINGS{180004,
    AUTHOR = "Marção, Natália Duarte and Torrent, Tiago Timponi and da Silva Matos, Ely Edison",
    editor = "Pinheiro, Vládia and Paetzold, Gustavo Henrique",
    TITLE = "Descrição e modelagem de construções interrogativas QU- em Português Brasileiro para o desenvolvimento de um chatbot",
    DAYS = "2-5",
    YEAR = "2017",
    booktitle = "Proceedings of the 11th Brazilian Symposium in Information and Human Language Technology - V Jornada de Descrição do Português",
    organization = "Sociedade Brasileira de Computação",
    address = "Uberlândia, Brazil",
    month = "October",
    pages = "209-216",
    editor = "Gustavo Henrique Paetzold and Vládia Pinheiro",
    url = "http://www.aclweb.org/anthology/W17-6624"
}

@INPROCEEDINGS{180005,
    AUTHOR = "de Almeida, Vânia Gomes and Torrent, Tiago Timponi",
    editor = "Pinheiro, Vládia and Paetzold, Gustavo Henrique",
    TITLE = "Construções de Estrutura Argumental no âmbito do Constructicon da FrameNet Brasil: proposta de uma modelagem linguístico-computacional",
    DAYS = "2-5",
    YEAR = "2017",
    booktitle = "Proceedings of the 11th Brazilian Symposium in Information and Human Language Technology - V Jornada de Descrição do Português",
    organization = "Sociedade Brasileira de Computação",
    address = "Uberlândia, Brazil",
    month = "October",
    pages = "217-223",
    editor = "Gustavo Henrique Paetzold and Vládia Pinheiro",
    url = "http://www.aclweb.org/anthology/W17-6625"
}

@INPROCEEDINGS{180006,
    AUTHOR = "Ramos, Barbara C.",
    editor = "Pinheiro, Vládia and Paetzold, Gustavo Henrique",
    TITLE = {Investigação Preliminar Sobre a Prosódia Semântica de Verbos de Elocução: o Caso do Verbo "Confessar"},
    DAYS = "2-5",
    YEAR = "2017",
    booktitle = "Proceedings of the 11th Brazilian Symposium in Information and Human Language Technology - V Jornada de Descrição do Português",
    organization = "Sociedade Brasileira de Computação",
    address = "Uberlândia, Brazil",
    month = "October",
    pages = "224-231",
    editor = "Gustavo Henrique Paetzold and Vládia Pinheiro",
    url = "http://www.aclweb.org/anthology/W17-6626"
}

@INPROCEEDINGS{180007,
    AUTHOR = "Paiva, Vanessa Maria Ramos Lopes and Torrent, Tiago Timponi",
    editor = "Pinheiro, Vládia and Paetzold, Gustavo Henrique",
    TITLE = "Uma Proposta Metodológica para a Categorização Automatizada de Atrações Turísticas a partir de Comentários de Usuários em Plataformas Online",
    DAYS = "2-5",
    YEAR = "2017",
    booktitle = "Proceedings of the 11th Brazilian Symposium in Information and Human Language Technology - V Jornada de Descrição do Português",
    organization = "Sociedade Brasileira de Computação",
    address = "Uberlândia, Brazil",
    month = "October",
    pages = "232-239",
    editor = "Gustavo Henrique Paetzold and Vládia Pinheiro",
    url = "http://www.aclweb.org/anthology/W17-6627"
}

@INPROCEEDINGS{180008,
    AUTHOR = "Barros, Claúdia D. and Calcia, Nathalia P. and Vale, Oto A.",
    editor = "Pinheiro, Vládia and Paetzold, Gustavo Henrique",
    TITLE = "Sofrer uma ofensa, Receber uma advertência: Verbos-suporte Conversos de 'Fazer' no Português do Brasil",
    DAYS = "2-5",
    YEAR = "2017",
    booktitle = "Proceedings of the 11th Brazilian Symposium in Information and Human Language Technology - V Jornada de Descrição do Português",
    organization = "Sociedade Brasileira de Computação",
    address = "Uberlândia, Brazil",
    month = "October",
    pages = "240-246",
    editor = "Gustavo Henrique Paetzold and Vládia Pinheiro",
    url = "http://www.aclweb.org/anthology/W17-6628"
}

@INPROCEEDINGS{180009,
    AUTHOR = "Reis, Sónia and Baptista, Jorge",
    editor = "Pinheiro, Vládia and Paetzold, Gustavo Henrique",
    TITLE = "Os Provérbios em manuais de ensino de Português Língua Não Materna",
    DAYS = "2-5",
    YEAR = "2017",
    booktitle = "Proceedings of the 11th Brazilian Symposium in Information and Human Language Technology - V Jornada de Descrição do Português",
    organization = "Sociedade Brasileira de Computação",
    address = "Uberlândia, Brazil",
    month = "October",
    pages = "247-255",
    editor = "Gustavo Henrique Paetzold and Vládia Pinheiro",
    url = "http://www.aclweb.org/anthology/W17-6629"
}

@INPROCEEDINGS{180010,
    AUTHOR = "Bossaglia, Giulia and Mello, Heliana and Raso, Tommaso",
    editor = "Pinheiro, Vládia and Paetzold, Gustavo Henrique",
    TITLE = "Prosody, syntax, and pragmatics: insubordination in spoken Brazilian Portuguese",
    DAYS = "2-5",
    YEAR = "2017",
    booktitle = "Proceedings of the 11th Brazilian Symposium in Information and Human Language Technology - V Jornada de Descrição do Português",
    organization = "Sociedade Brasileira de Computação",
    address = "Uberlândia, Brazil",
    month = "October",
    pages = "256-265",
    editor = "Gustavo Henrique Paetzold and Vládia Pinheiro",
    url = "http://www.aclweb.org/anthology/W17-6630"
}

@INPROCEEDINGS{180011,
    AUTHOR = "Rodrigues, Roana and Vale, Oto and Alemany, Laura Alonso",
    editor = "Pinheiro, Vládia and Paetzold, Gustavo Henrique",
    TITLE = "As bases de dados verbais ADESSE e ViPEr: uma análise constrastiva das construções locativas em espanhol e em português",
    DAYS = "2-5",
    YEAR = "2017",
    booktitle = "Proceedings of the 11th Brazilian Symposium in Information and Human Language Technology - V Jornada de Descrição do Português",
    organization = "Sociedade Brasileira de Computação",
    address = "Uberlândia, Brazil",
    month = "October",
    pages = "266-273",
    editor = "Gustavo Henrique Paetzold and Vládia Pinheiro",
    url = "http://www.aclweb.org/anthology/W17-6631"
}

